[gd_scene load_steps=19 format=2]

[ext_resource path="res://Driving_Scene/Driving_scene.tscn" type="PackedScene" id=1]
[ext_resource path="res://UI/Menu.tscn" type="PackedScene" id=2]
[ext_resource path="res://SceneManager.gd" type="Script" id=3]
[ext_resource path="res://Art/ChapterFont.tres" type="DynamicFont" id=4]
[ext_resource path="res://Walking_Scenes/DoctorScene.tscn" type="PackedScene" id=5]
[ext_resource path="res://Walking_Scenes/ParkScene.tscn" type="PackedScene" id=6]
[ext_resource path="res://Walking_Scenes/ShoppingScene.tscn" type="PackedScene" id=7]
[ext_resource path="res://Sounds/Scratch.wav" type="AudioStream" id=8]
[ext_resource path="res://Driving_Scene/Driving_scene2.tscn" type="PackedScene" id=9]
[ext_resource path="res://Driving_Scene/Driving_scene3.tscn" type="PackedScene" id=10]
[ext_resource path="res://UI/Camera2D.gd" type="Script" id=11]
[ext_resource path="res://Driving_Scene/Driving_scene4.tscn" type="PackedScene" id=12]
[ext_resource path="res://Driving_Scene/Driving_scene5.tscn" type="PackedScene" id=13]
[ext_resource path="res://Driving_Scene/Driving_scene6.tscn" type="PackedScene" id=14]

[sub_resource type="Animation" id=1]
resource_name = "Chapter Title Fade In"
tracks/0/type = "value"
tracks/0/path = NodePath("Chapter Title/Blackground:color")
tracks/0/interp = 1
tracks/0/loop_wrap = true
tracks/0/imported = false
tracks/0/enabled = true
tracks/0/keys = {
"times": PoolRealArray( 0, 1 ),
"transitions": PoolRealArray( 1, 1 ),
"update": 0,
"values": [ Color( 0, 0, 0, 0 ), Color( 0, 0, 0, 1 ) ]
}
tracks/1/type = "value"
tracks/1/path = NodePath("Chapter Title/Blackground:visible")
tracks/1/interp = 1
tracks/1/loop_wrap = true
tracks/1/imported = false
tracks/1/enabled = true
tracks/1/keys = {
"times": PoolRealArray( 0 ),
"transitions": PoolRealArray( 1 ),
"update": 1,
"values": [ true ]
}
tracks/2/type = "value"
tracks/2/path = NodePath("Chapter Title/CenterContainer:visible")
tracks/2/interp = 1
tracks/2/loop_wrap = true
tracks/2/imported = false
tracks/2/enabled = true
tracks/2/keys = {
"times": PoolRealArray( 0 ),
"transitions": PoolRealArray( 1 ),
"update": 1,
"values": [ true ]
}

[sub_resource type="Animation" id=2]
resource_name = "Chapter Title Fade Out"
length = 1.5
tracks/0/type = "value"
tracks/0/path = NodePath("Chapter Title/Blackground:color")
tracks/0/interp = 1
tracks/0/loop_wrap = true
tracks/0/imported = false
tracks/0/enabled = true
tracks/0/keys = {
"times": PoolRealArray( 0, 1 ),
"transitions": PoolRealArray( 1, 1 ),
"update": 0,
"values": [ Color( 0, 0, 0, 1 ), Color( 0, 0, 0, 0 ) ]
}
tracks/1/type = "value"
tracks/1/path = NodePath("Chapter Title/Blackground:visible")
tracks/1/interp = 1
tracks/1/loop_wrap = true
tracks/1/imported = false
tracks/1/enabled = true
tracks/1/keys = {
"times": PoolRealArray( 0, 1.5 ),
"transitions": PoolRealArray( 1, 1 ),
"update": 1,
"values": [ true, false ]
}
tracks/2/type = "value"
tracks/2/path = NodePath("Chapter Title/CenterContainer:visible")
tracks/2/interp = 1
tracks/2/loop_wrap = true
tracks/2/imported = false
tracks/2/enabled = true
tracks/2/keys = {
"times": PoolRealArray( 0, 1.5 ),
"transitions": PoolRealArray( 1, 1 ),
"update": 1,
"values": [ true, false ]
}

[sub_resource type="Animation" id=3]
resource_name = "Text Fade In"
length = 2.0
tracks/0/type = "value"
tracks/0/path = NodePath("Chapter Title/CenterContainer/Label:custom_colors/font_color")
tracks/0/interp = 1
tracks/0/loop_wrap = true
tracks/0/imported = false
tracks/0/enabled = true
tracks/0/keys = {
"times": PoolRealArray( 0, 1 ),
"transitions": PoolRealArray( 1, 1 ),
"update": 0,
"values": [ Color( 1, 1, 1, 0 ), Color( 1, 1, 1, 1 ) ]
}

[sub_resource type="Animation" id=4]
tracks/0/type = "value"
tracks/0/path = NodePath("Chapter Title/CenterContainer/Label:custom_colors/font_color")
tracks/0/interp = 1
tracks/0/loop_wrap = true
tracks/0/imported = false
tracks/0/enabled = true
tracks/0/keys = {
"times": PoolRealArray( 0, 1 ),
"transitions": PoolRealArray( 1, 1 ),
"update": 0,
"values": [ Color( 1, 1, 1, 1 ), Color( 1, 1, 1, 0 ) ]
}

[node name="SceneManager" type="Control"]
anchor_right = 1.0
anchor_bottom = 1.0
script = ExtResource( 3 )
__meta__ = {
"_edit_use_anchors_": false
}
menu_scene = ExtResource( 2 )
driving_scene = ExtResource( 1 )
driving_scene2 = ExtResource( 9 )
driving_scene3 = ExtResource( 10 )
driving_scene4 = ExtResource( 12 )
driving_scene5 = ExtResource( 13 )
driving_scene6 = ExtResource( 14 )
doctor_scene = ExtResource( 5 )
shopping_scene = ExtResource( 7 )
park_scene = ExtResource( 6 )

[node name="Menu" parent="." instance=ExtResource( 2 )]

[node name="Chapter Animations" type="AnimationPlayer" parent="."]
"anims/Chapter Title Fade In" = SubResource( 1 )
"anims/Chapter Title Fade Out" = SubResource( 2 )
"anims/Text Fade In" = SubResource( 3 )
"anims/Text Fade Out" = SubResource( 4 )

[node name="Chapter Title" type="CanvasLayer" parent="."]
follow_viewport_enable = true

[node name="Blackground" type="ColorRect" parent="Chapter Title"]
visible = false
anchor_right = 1.0
anchor_bottom = 1.0
color = Color( 0, 0, 0, 0 )
__meta__ = {
"_edit_use_anchors_": false
}

[node name="CenterContainer" type="CenterContainer" parent="Chapter Title"]
visible = false
anchor_right = 1.0
anchor_bottom = 1.0
__meta__ = {
"_edit_use_anchors_": false
}

[node name="Label" type="Label" parent="Chapter Title/CenterContainer"]
margin_left = 636.0
margin_top = 400.0
margin_right = 963.0
margin_bottom = 499.0
custom_fonts/font = ExtResource( 4 )
custom_colors/font_color = Color( 1, 1, 1, 0 )
text = "Chapter 1"
align = 1
valign = 1

[node name="AudioStreamPlayer" type="AudioStreamPlayer" parent="."]
stream = ExtResource( 8 )
volume_db = 12.0

[node name="AudioStreamPlayer2" type="AudioStreamPlayer" parent="."]
stream = ExtResource( 8 )
volume_db = 12.0

[node name="Camera2D" type="Camera2D" parent="." groups=[
"Camera",
]]
position = Vector2( 800, 450 )
current = true
script = ExtResource( 11 )
duration = 0.5

[connection signal="scene_end" from="Menu" to="." method="_next_chapter"]
