[gd_scene load_steps=13 format=2]

[ext_resource path="res://Driving_Scene/Road.tscn" type="PackedScene" id=1]
[ext_resource path="res://Characters/Player_Car.tscn" type="PackedScene" id=2]
[ext_resource path="res://Driving_Scene/Car.tscn" type="PackedScene" id=3]
[ext_resource path="res://Driving_Scene/Ground AutoScroll.gd" type="Script" id=4]
[ext_resource path="res://Driving_Scene/Driving_scene5.gd" type="Script" id=5]
[ext_resource path="res://Sounds/Music.ogg" type="AudioStream" id=6]
[ext_resource path="res://Art/ChapterFont.tres" type="DynamicFont" id=7]
[ext_resource path="res://Driving_Scene/Cone_Spawner.gd" type="Script" id=8]
[ext_resource path="res://Driving_Scene/Cone.tscn" type="PackedScene" id=9]
[ext_resource path="res://UI/ActionKey.tres" type="ShortCut" id=10]

[sub_resource type="CircleShape2D" id=1]
radius = 25.0

[sub_resource type="RectangleShape2D" id=2]
extents = Vector2( 200, 450 )

[node name="DrivingScene6" type="Node2D"]
script = ExtResource( 5 )
easter_egg = true

[node name="Ground AutoScroll" type="Node2D" parent="."]
script = ExtResource( 4 )

[node name="Ground" parent="Ground AutoScroll" instance=ExtResource( 1 )]

[node name="Ground2" parent="Ground AutoScroll" instance=ExtResource( 1 )]
position = Vector2( 768, 0 )

[node name="Ground3" parent="Ground AutoScroll" instance=ExtResource( 1 )]
position = Vector2( 1536, 0 )

[node name="Ground4" parent="Ground AutoScroll" instance=ExtResource( 1 )]
position = Vector2( 2304, 0 )

[node name="Cars-Left" type="Node2D" parent="."]

[node name="Car" parent="Cars-Left" instance=ExtResource( 3 )]
position = Vector2( 2344, 360 )

[node name="Car2" parent="Cars-Left" instance=ExtResource( 3 )]
position = Vector2( 1534.06, 171.116 )

[node name="Car13" parent="Cars-Left" instance=ExtResource( 3 )]
position = Vector2( 478.715, 51.7829 )
drive_speed = 0

[node name="Car14" parent="Cars-Left" instance=ExtResource( 3 )]
position = Vector2( 94.2246, 61.4218 )
drive_speed = 0

[node name="Car15" parent="Cars-Left" instance=ExtResource( 3 )]
position = Vector2( 1454.32, 53.8623 )
drive_speed = 0

[node name="Car16" parent="Cars-Left" instance=ExtResource( 3 )]
position = Vector2( 869.675, 56.3821 )
drive_speed = 0

[node name="Car17" parent="Cars-Left" instance=ExtResource( 3 )]
position = Vector2( 1640.68, 54.3027 )
drive_speed = 0

[node name="Car18" parent="Cars-Left" instance=ExtResource( 3 )]
position = Vector2( 2601.72, 56.3821 )
drive_speed = 0

[node name="Car19" parent="Cars-Left" instance=ExtResource( 3 )]
position = Vector2( 3387.7, 58.3784 )
drive_speed = 0

[node name="Car20" parent="Cars-Left" instance=ExtResource( 3 )]
position = Vector2( 3563.7, 58.3784 )
drive_speed = 0

[node name="Car21" parent="Cars-Left" instance=ExtResource( 3 )]
position = Vector2( 3763.7, 50.3784 )
drive_speed = 0

[node name="Car22" parent="Cars-Left" instance=ExtResource( 3 )]
position = Vector2( 4915.7, 50.3784 )
drive_speed = 0

[node name="Car23" parent="Cars-Left" instance=ExtResource( 3 )]
position = Vector2( 5491.71, 50.3784 )
drive_speed = 0

[node name="Car5" parent="Cars-Left" instance=ExtResource( 3 )]
position = Vector2( 3096, 208 )

[node name="Car6" parent="Cars-Left" instance=ExtResource( 3 )]
position = Vector2( 4507.7, 178.378 )

[node name="Car7" parent="Cars-Left" instance=ExtResource( 3 )]
position = Vector2( 7243.72, 298.378 )

[node name="Car8" parent="Cars-Left" instance=ExtResource( 3 )]
position = Vector2( 4995.7, 186.378 )

[node name="Car10" parent="Cars-Left" instance=ExtResource( 3 )]
position = Vector2( 5499.71, 202.378 )

[node name="Car11" parent="Cars-Left" instance=ExtResource( 3 )]
position = Vector2( 6051.71, 298.378 )

[node name="Car12" parent="Cars-Left" instance=ExtResource( 3 )]
position = Vector2( 6931.71, 170.378 )

[node name="Car9" parent="Cars-Left" instance=ExtResource( 3 )]
position = Vector2( 4971.7, 322.378 )

[node name="Car3" parent="Cars-Left" instance=ExtResource( 3 )]
position = Vector2( 6227.71, 194.378 )

[node name="Car4" parent="Cars-Left" instance=ExtResource( 3 )]
position = Vector2( 3688, 344 )

[node name="Player" parent="." instance=ExtResource( 2 )]
position = Vector2( 104, 656 )
collision_layer = 3
collision_mask = 3
speed_factor = 0.75
drift = 20.0
fix_speed_error = true

[node name="Cones" type="Node2D" parent="."]

[node name="Cone_Spawner" type="Area2D" parent="Cones"]
position = Vector2( 1664, 448 )
script = ExtResource( 8 )
__meta__ = {
"_edit_group_": true
}
spawn_chance_per_frame = 0.5
cone_prefab = ExtResource( 9 )

[node name="CollisionShape2D" type="CollisionShape2D" parent="Cones/Cone_Spawner"]
shape = SubResource( 1 )

[node name="Cone_Spawner2" type="Area2D" parent="Cones"]
position = Vector2( 1664, 288 )
script = ExtResource( 8 )
__meta__ = {
"_edit_group_": true
}
spawn_chance_per_frame = 0.2
cone_prefab = ExtResource( 9 )

[node name="CollisionShape2D" type="CollisionShape2D" parent="Cones/Cone_Spawner2"]
shape = SubResource( 1 )

[node name="Cone_Spawner3" type="Area2D" parent="Cones"]
position = Vector2( 1664, 96 )
script = ExtResource( 8 )
__meta__ = {
"_edit_group_": true
}
spawn_chance_per_frame = 0.2
cone_prefab = ExtResource( 9 )

[node name="CollisionShape2D" type="CollisionShape2D" parent="Cones/Cone_Spawner3"]
shape = SubResource( 1 )

[node name="Cone_Spawner4" type="Area2D" parent="Cones"]
position = Vector2( 1664, 608 )
script = ExtResource( 8 )
__meta__ = {
"_edit_group_": true
}
spawn_chance_per_frame = 0.2
cone_prefab = ExtResource( 9 )

[node name="CollisionShape2D" type="CollisionShape2D" parent="Cones/Cone_Spawner4"]
shape = SubResource( 1 )

[node name="Cone_Spawner5" type="Area2D" parent="Cones"]
position = Vector2( 1664, 792 )
script = ExtResource( 8 )
__meta__ = {
"_edit_group_": true
}
spawn_chance_per_frame = 0.2
cone_prefab = ExtResource( 9 )

[node name="CollisionShape2D" type="CollisionShape2D" parent="Cones/Cone_Spawner5"]
shape = SubResource( 1 )

[node name="Cars-Right" type="Node2D" parent="."]

[node name="Car" parent="Cars-Right" instance=ExtResource( 3 )]
position = Vector2( 2032, 640 )
driving_with_player = true

[node name="Car2" parent="Cars-Right" instance=ExtResource( 3 )]
position = Vector2( 1348.93, 470.735 )
driving_with_player = true

[node name="Car13" parent="Cars-Right" instance=ExtResource( 3 )]
position = Vector2( 99.4607, 768 )
driving_with_player = true
drive_speed = 0

[node name="Car14" parent="Cars-Right" instance=ExtResource( 3 )]
position = Vector2( -683.072, 766.735 )
driving_with_player = true
drive_speed = 0

[node name="Car15" parent="Cars-Right" instance=ExtResource( 3 )]
position = Vector2( 1044.93, 766.735 )
driving_with_player = true
drive_speed = 0

[node name="Car16" parent="Cars-Right" instance=ExtResource( 3 )]
position = Vector2( 860.928, 766.735 )
driving_with_player = true
drive_speed = 0

[node name="Car17" parent="Cars-Right" instance=ExtResource( 3 )]
position = Vector2( 1820.93, 774.735 )
driving_with_player = true
drive_speed = 0

[node name="Car18" parent="Cars-Right" instance=ExtResource( 3 )]
position = Vector2( 2204.93, 766.735 )
driving_with_player = true
drive_speed = 0

[node name="Car19" parent="Cars-Right" instance=ExtResource( 3 )]
position = Vector2( 2804.93, 774.735 )
driving_with_player = true
drive_speed = 0

[node name="Car20" parent="Cars-Right" instance=ExtResource( 3 )]
position = Vector2( 3748.93, 766.735 )
driving_with_player = true
drive_speed = 0

[node name="Car21" parent="Cars-Right" instance=ExtResource( 3 )]
position = Vector2( 4700.93, 766.735 )
driving_with_player = true
drive_speed = 0

[node name="Car5" parent="Cars-Right" instance=ExtResource( 3 )]
position = Vector2( 2660.93, 526.735 )
driving_with_player = true

[node name="Car6" parent="Cars-Right" instance=ExtResource( 3 )]
position = Vector2( 3300.93, 486.735 )
driving_with_player = true

[node name="Car7" parent="Cars-Right" instance=ExtResource( 3 )]
position = Vector2( 6044.93, 678.735 )
driving_with_player = true

[node name="Car8" parent="Cars-Right" instance=ExtResource( 3 )]
position = Vector2( 4212.93, 678.735 )
driving_with_player = true

[node name="Car10" parent="Cars-Right" instance=ExtResource( 3 )]
position = Vector2( 4516.93, 686.735 )
driving_with_player = true

[node name="Car11" parent="Cars-Right" instance=ExtResource( 3 )]
position = Vector2( 5244.93, 502.735 )
driving_with_player = true

[node name="Car12" parent="Cars-Right" instance=ExtResource( 3 )]
position = Vector2( 6036.93, 542.735 )
driving_with_player = true

[node name="Car9" parent="Cars-Right" instance=ExtResource( 3 )]
position = Vector2( 3900.93, 686.735 )
driving_with_player = true

[node name="Car3" parent="Cars-Right" instance=ExtResource( 3 )]
position = Vector2( 5628.93, 670.735 )
driving_with_player = true

[node name="Car4" parent="Cars-Right" instance=ExtResource( 3 )]
position = Vector2( 3004.93, 670.735 )
driving_with_player = true

[node name="AudioStreamPlayer" type="AudioStreamPlayer" parent="."]
stream = ExtResource( 6 )
autoplay = true

[node name="Area2D" type="Area2D" parent="."]
position = Vector2( -160, 0 )
collision_layer = 2
collision_mask = 2
__meta__ = {
"_edit_group_": true
}

[node name="CollisionShape2D" type="CollisionShape2D" parent="Area2D"]
position = Vector2( -200, 450 )
shape = SubResource( 2 )

[node name="Area2D2" type="Area2D" parent="."]
position = Vector2( 2256, 0 )
collision_layer = 2
collision_mask = 2
__meta__ = {
"_edit_group_": true
}

[node name="CollisionShape2D" type="CollisionShape2D" parent="Area2D2"]
position = Vector2( -200, 450 )
shape = SubResource( 2 )

[node name="ColorRect" type="ColorRect" parent="."]
margin_right = 632.0
margin_bottom = 104.0
color = Color( 0.721569, 0.772549, 0.792157, 1 )
__meta__ = {
"_edit_group_": true,
"_edit_use_anchors_": false
}

[node name="Label" type="Label" parent="ColorRect"]
margin_left = 16.0
margin_right = 512.0
margin_bottom = 104.0
custom_fonts/font = ExtResource( 7 )
custom_colors/font_color = Color( 0, 0, 0, 1 )
text = "Score: 0"
valign = 1
__meta__ = {
"_edit_use_anchors_": false
}

[node name="ColorRect2" type="ColorRect" parent="."]
margin_left = 792.0
margin_right = 1600.0
margin_bottom = 104.0
color = Color( 0.721569, 0.772549, 0.792157, 1 )
__meta__ = {
"_edit_group_": true,
"_edit_use_anchors_": false
}

[node name="Label" type="Label" parent="ColorRect2"]
margin_left = 16.0
margin_right = 512.0
margin_bottom = 104.0
custom_fonts/font = ExtResource( 7 )
custom_colors/font_color = Color( 0, 0, 0, 1 )
text = "High Score: 0"
valign = 1
__meta__ = {
"_edit_use_anchors_": false
}

[node name="GameOver" type="ColorRect" parent="."]
visible = false
margin_top = 112.0
margin_right = 568.0
margin_bottom = 328.0
color = Color( 0.721569, 0.772549, 0.792157, 1 )
__meta__ = {
"_edit_group_": true,
"_edit_use_anchors_": false
}

[node name="Label" type="Label" parent="GameOver"]
anchor_right = 1.0
anchor_bottom = 1.0
margin_right = 63.0
margin_bottom = 31.0
rect_scale = Vector2( 0.9, 0.9 )
custom_fonts/font = ExtResource( 7 )
custom_colors/font_color = Color( 0, 0, 0, 1 )
text = "New High Score!"
align = 1
__meta__ = {
"_edit_use_anchors_": false
}

[node name="NewGame" type="Button" parent="GameOver"]
margin_left = 96.0
margin_top = 96.0
margin_right = 478.0
margin_bottom = 208.0
custom_fonts/font = ExtResource( 7 )
shortcut = ExtResource( 10 )
text = "Play Again!"
__meta__ = {
"_edit_use_anchors_": false
}

[connection signal="hit_car" from="Player" to="." method="_on_Player_hit_car"]
[connection signal="hit_cone" from="Player" to="." method="_on_Player_hit_cone"]
[connection signal="body_entered" from="Area2D" to="." method="_player_out_of_bounds"]
[connection signal="body_entered" from="Area2D2" to="." method="_player_out_of_bounds"]
[connection signal="pressed" from="GameOver/NewGame" to="." method="_on_NewGame_pressed"]
